<?xml version="1.0" encoding="UTF-8"?><collection xmlns="http://www.loc.gov/MARC21/slim"><record><leader>00421nam--2200157-u-4500</leader><controlfield tag="001">000056319</controlfield><controlfield tag="002">20161230</controlfield><controlfield tag="005">20161230201052</controlfield><controlfield tag="008">150610s1000------------r-----000-0-eng-d</controlfield><datafield ind1=" " ind2=" " tag="040"><subfield code="a">IFIN-HH</subfield></datafield><datafield ind1="1" ind2=" " tag="100"><subfield code="a">Ivanov, Alexandru</subfield></datafield><datafield ind1="1" ind2="0" tag="245"><subfield code="a">Structura matematica a mecanicii cuantice</subfield><subfield code="c">Alexandru ivanov</subfield></datafield><datafield ind1=" " ind2=" " tag="260"><subfield code="a">Bucuresti</subfield><subfield code="b">All Educational</subfield><subfield code="c">1998</subfield></datafield><datafield ind1=" " ind2=" " tag="300"><subfield code="a">127P</subfield></datafield><datafield ind1=" " ind2=" " tag="852"><subfield code="a">82403</subfield><subfield code="c">530.14</subfield></datafield><datafield ind1=" " ind2=" " tag="CAT"><subfield code="a">Sys</subfield><subfield code="c">20150610</subfield><subfield code="h">093203</subfield></datafield></record></collection>